@inproceedings{klimovic2016flash,
  title={Flash storage disaggregation},
  author={Klimovic, Ana and Kozyrakis, Christos and Thereska, Eno and John, Binu and Kumar, Sanjeev},
  booktitle={Proceedings of the Eleventh European Conference on Computer Systems},
  pages={29},
  year={2016},
  organization={ACM}
}

@misc{leverich2014mutilate,
  title={Mutilate: high-performance memcached load generator},
  author={Leverich, Jacob},
  year={2014}
}

@inproceedings{gu2017efficient,
  title={Efficient Memory Disaggregation with Infiniswap.},
  author={Gu, Juncheng and Lee, Youngmoon and Zhang, Yiwen and Chowdhury, Mosharaf and Shin, Kang G},
  booktitle={NSDI},
  pages={649--667},
  year={2017}
}

@inproceedings{shan2018legoos,
  title={LegoOS: A Disseminated, Distributed $\{$OS$\}$ for Hardware Resource Disaggregation},
  author={Shan, Yizhou and Huang, Yutong and Chen, Yilun and Zhang, Yiying},
  booktitle={13th $\{$USENIX$\}$ Symposium on Operating Systems Design and Implementation ($\{$OSDI$\}$ 18)},
  pages={69--87},
  year={2018}
}

@inproceedings{zellweger2014decoupling,
  title={Decoupling Cores, Kernels, and Operating Systems.},
  author={Zellweger, Gerd and Gerber, Simon and Kourtis, Kornilios and Roscoe, Timothy},
  booktitle={OSDI},
  volume={14},
  pages={17--31},
  year={2014}
}
